<record><leader>00000cas a22000007a 4500</leader><controlfield tag="001">12170644</controlfield><controlfield tag="008">850618d194919uucouer ne      0    0eng d</controlfield><datafield ind1=" " ind2=" " tag="010"><subfield code="a">sn 91052488 </subfield></datafield><datafield ind1=" " ind2=" " tag="040"><subfield code="a">DPL</subfield><subfield code="b">eng</subfield><subfield code="c">DPL</subfield><subfield code="d">CNQ</subfield><subfield code="d">OCLCQ</subfield><subfield code="d">OCLCF</subfield><subfield code="d">OCLCO</subfield></datafield><datafield ind1="1" ind2=" " tag="029"><subfield code="a">AU@</subfield><subfield code="b">000025866397</subfield></datafield><datafield ind1=" " ind2=" " tag="042"><subfield code="a">msc</subfield></datafield><datafield ind1="0" ind2="0" tag="245"><subfield code="a">Moly mountain news.</subfield></datafield><datafield ind1="3" ind2="0" tag="246"><subfield code="a">Name this paper</subfield></datafield><datafield ind1=" " ind2=" " tag="260"><subfield code="a">Climax, Colo. :</subfield><subfield code="b">Community coucil of Climax</subfield></datafield><datafield ind1=" " ind2=" " tag="300"><subfield code="a">v.</subfield></datafield><datafield ind1=" " ind2=" " tag="310"><subfield code="a">Biweekly,</subfield><subfield code="b">&lt;Sept. 1953&gt;-</subfield></datafield><datafield ind1=" " ind2=" " tag="321"><subfield code="a">Monthly,</subfield><subfield code="b">July 11, 1949-Jan. 22, 1953</subfield></datafield><datafield ind1=" " ind2=" " tag="321"><subfield code="a">Bimonthly,</subfield><subfield code="b">Feb 28, 1953-Sept. 7, 1953</subfield></datafield><datafield ind1="0" ind2=" " tag="362"><subfield code="a">Vol. 1, no. 1 (July 11, 1949)-</subfield></datafield><datafield ind1=" " ind2=" " tag="500"><subfield code="a">Published as: Name this paper, July 11, 1949.</subfield></datafield><datafield ind1=" " ind2=" " tag="530"><subfield code="a">Available on microfilm from the Colorado Historical Society.</subfield></datafield><datafield ind1="2" ind2="0" tag="610"><subfield code="a">Climax Molybdenum Company</subfield><subfield code="v">Newspapers.</subfield></datafield><datafield ind1=" " ind2="7" tag="655"><subfield code="a">Newspapers.</subfield><subfield code="2">fast</subfield><subfield code="0">(OCoLC)fst01423814</subfield></datafield><datafield ind1="2" ind2="7" tag="610"><subfield code="a">Climax Molybdenum Company.</subfield><subfield code="2">fast</subfield><subfield code="0">(OCoLC)fst00586410</subfield></datafield><datafield ind1="2" ind2=" " tag="710"><subfield code="a">Climax Molydenum Company.</subfield></datafield><datafield ind1=" " ind2=" " tag="752"><subfield code="a">United States</subfield><subfield code="b">Colorado</subfield><subfield code="c">Chaffee</subfield><subfield code="d">Climax.</subfield></datafield></record>